@misc{tudelftnotes,
howpublished = {\url{https://compphys.quantumtinkerer.tudelft.nl}}
}
@misc{python,
howpublished = {\url{https://www.python.org}}
}
@misc{gromacs,
howpublished = {\url{https://manual.gromacs.org/documentation/2021/reference-manual/definitions.html}}
}

@article{PhysRev.159.98,
  title = {Computer "Experiments" on Classical Fluids. I. Thermodynamical Properties of Lennard-Jones Molecules},
  author = {Verlet, Loup},
  journal = {Phys. Rev.},
  volume = {159},
  issue = {1},
  pages = {98--103},
  numpages = {0},
  year = {1967},
  month = {Jul},
  publisher = {American Physical Society},
  doi = {10.1103/PhysRev.159.98},
  url = {https://link.aps.org/doi/10.1103/PhysRev.159.98}
}

@Book{thijsenCP,
 author = {Thijssen, J. M.},
 title = {Computational physics},
 publisher = {Cambridge University Press},
 year = {2013},
 address = {Cambridge},
 isbn = {978-1107677135}
 }

@article{doi:10.1063/1.1743957,
author = {Alder,B. J.  and Wainwright,T. E. },
title = {Phase Transition for a Hard Sphere System},
journal = {The Journal of Chemical Physics},
volume = {27},
number = {5},
pages = {1208-1209},
year = {1957},
doi = {10.1063/1.1743957},
URL = { 
        https://doi.org/10.1063/1.1743957
    
}
}


@article{PhysRevLett.67.1886,
  title = {Molecular dynamics and the phase transition in solid ${\mathrm{C}}_{60}$},
  author = {Tycko, R. and Dabbagh, G. and Fleming, R. M. and Haddon, R. C. and Makhija, A. V. and Zahurak, S. M.},
  journal = {Phys. Rev. Lett.},
  volume = {67},
  issue = {14},
  pages = {1886--1889},
  numpages = {0},
  year = {1991},
  month = {Sep},
  publisher = {American Physical Society},
  doi = {10.1103/PhysRevLett.67.1886},
  url = {https://link.aps.org/doi/10.1103/PhysRevLett.67.1886}
}


@article{PhysRevA.33.3628,
  title = {Molecular dynamics simulation for polymers in the presence of a heat bath},
  author = {Grest, Gary S. and Kremer, Kurt},
  journal = {Phys. Rev. A},
  volume = {33},
  issue = {5},
  pages = {3628--3631},
  numpages = {0},
  year = {1986},
  month = {May},
  publisher = {American Physical Society},
  doi = {10.1103/PhysRevA.33.3628},
  url = {https://link.aps.org/doi/10.1103/PhysRevA.33.3628}
}


@article{10.1002/cphc.200700552,
author = {KÃ¶ddermann, Thorsten and Paschek, Dietmar and Ludwig, Ralf},
title = {Molecular Dynamic Simulations of Ionic Liquids: A Reliable Description of Structure, Thermodynamics and Dynamics},
journal = {ChemPhysChem},
volume = {8},
number = {17},
pages = {2464-2470},
keywords = {force-field calculations, ionic liquids, molecular dynamics, thermodynamics},
doi = {https://doi.org/10.1002/cphc.200700552},
url = {https://chemistry-europe.onlinelibrary.wiley.com/doi/abs/10.1002/cphc.200700552},
year = {2007}
}


@article{10.1002/jcc.540150109,
author = {Okunbor, Daniel I. and Skeel, Robert D.},
title = {Canonical numerical methods for molecular dynamics simulations},
journal = {Journal of Computational Chemistry},
volume = {15},
number = {1},
pages = {72-79},
doi = {https://doi.org/10.1002/jcc.540150109},
url = {https://onlinelibrary.wiley.com/doi/abs/10.1002/jcc.540150109},
year = {1994}
}